@MISC{WEBSITE:1,
	HOWPUBLISHED = "\url{https://stackoverflow.com/questions/19739503/dft-matrix-in}",
	AUTHOR = "",
	TITLE = "python for FFT",
	MONTH = "",
	YEAR = "",
	NOTE = ""
}
@MISC{WEBSITE:2,
	HOWPUBLISHED = "\url{https://docs.scipy.org/doc/numpy/reference/generated/numpy.pad.html
	AUTHOR = "",
	TITLE = "for padding",
	MONTH = "",
	YEAR = "",
	NOTE = ""
}
@MISC{WEBSITE:3,
	HOWPUBLISHED = "\url{https://ags.cs.uni-kl.de/fileadmin/inf_ags/2dip-ss18/ImageProcessingOpencv.pdf}",
	AUTHOR = "",
	TITLE = "About opencv",
	MONTH = "",
	YEAR = "",
	NOTE = ""
}
@MISC{WEBSITE:4,
	HOWPUBLISHED = "\url{https://docs.opencv.org/3.1.0/d5/daf/tutorial_py_histogram_equalization.html}",
	AUTHOR = "",
	TITLE = "Opencv documentation",
	MONTH = "",
	YEAR = "",
	NOTE = ""
}
@MISC{WEBSITE:5,
	HOWPUBLISHED = "\url{https://www.pyimagesearch.com/2017/06/19/image-difference-with-opencv-and-python/}",
	AUTHOR = "",
	TITLE = "for get metrics",
	MONTH = "",
	YEAR = "",
	NOTE = ""
}
@MISC{WEBSITE:6,
	HOWPUBLISHED = "\url{https://docs.scipy.org/doc/numpy-1.13.0/reference/arrays.dtypes.html}",
	AUTHOR = "",
	TITLE = "for data types",
	MONTH = "",
	YEAR = "",
	NOTE = ""
}
@MISC{WEBSITE:7,
	HOWPUBLISHED = "\url{http://nullege.com/codes/search/PyQt4.QtGui.QLabel.clear}",
	AUTHOR = "",
	TITLE = "PyQt look up to clear labels",
	MONTH = "",
	YEAR = "",
	NOTE = ""
}
@MISC{WEBSITE:8,
	HOWPUBLISHED = "\url{https://stackoverflow.com/questions/34520919/remove-an-image-in-qlabel-after-button-clicked}",
	AUTHOR = "",
	TITLE = "pyqt label",
	MONTH = "",
	YEAR = "",
	NOTE = ""
}
@MISC{WEBSITE:9,
	HOWPUBLISHED = "\url{https://pythonprogramming.net/basic-gui-pyqt-tutorial/}",
	AUTHOR = "",
	TITLE = "Pyqt tutorial",
	MONTH = "",
	YEAR = "",
	NOTE = ""
}
@MISC{WEBSITE:10,
	HOWPUBLISHED = "\url{https://thepythonguru.com/python-inheritance-and-polymorphism/}",
	AUTHOR = "",
	TITLE = "Python OOPS",
	MONTH = "",
	YEAR = "",
	NOTE = ""
}
@MISC{WEBSITE:11,
	HOWPUBLISHED = "\url{https://stackoverflow.com/questions/20271479/what-does-it-mean-to-get-the-mse-mean-error-squared-for-2-images}",
	AUTHOR = "",
	TITLE = "for mse",
	MONTH = "",
	YEAR = "",
	NOTE = ""
}
@MISC{WEBSITE:12,
	HOWPUBLISHED = "\url{http://scikit-image.org/docs/dev/api/skimage.measure.html}",
	AUTHOR = "",
	TITLE = "for ssim",
	MONTH = "",
	YEAR = "",
	NOTE = ""
}
@MISC{WEBSITE:13,
	HOWPUBLISHED = "\url{https://stackoverflow.com/questions/609972/how-to-use-boolean-and-in-python}",
	AUTHOR = "",
	TITLE = "for and operator",
	MONTH = "",
	YEAR = "",
	NOTE = ""
}
@MISC{WEBSITE:14,
	HOWPUBLISHED = "\url{https://docs.scipy.org/doc/numpy-1.15.0/reference/generated/numpy.prod.html}",
	AUTHOR = "",
	TITLE = "for numpy product of all elements",
	MONTH = "",
	YEAR = "",
	NOTE = ""
}
@MISC{WEBSITE:15,
	HOWPUBLISHED = "\url{https://docs.scipy.org/doc/numpy-1.15.0/reference/generated/numpy.log10.html#numpy.log10 }",
	AUTHOR = "",
	TITLE = "for log function",
	MONTH = "",
	YEAR = "",
	NOTE = ""
}
@MISC{WEBSITE:16,
	HOWPUBLISHED = "\url{https://en.wikipedia.org/wiki/Peak_signal-to-noise_ratio}",
	AUTHOR = "",
	TITLE = "for psnr",
	MONTH = "",
	YEAR = "",
	NOTE = ""
}
@MISC{WEBSITE:17,
	HOWPUBLISHED = "\url{http://webdav.is.mpg.de/pixel/benchmark4camerashake/}",
	AUTHOR = "",
	TITLE = "Images and kernels ",
	MONTH = "",
	YEAR = "",
	NOTE = ""
}
